<record><leader>00000cas a22000007a 4500</leader><controlfield tag="001">9654792</controlfield><controlfield tag="008">830629d187118uumauwr ne      0    0eng d</controlfield><datafield ind1=" " ind2=" " tag="010"><subfield code="a">sn 83020939 </subfield></datafield><datafield ind1=" " ind2=" " tag="040"><subfield code="a">NPX</subfield><subfield code="b">eng</subfield><subfield code="c">NPX</subfield><subfield code="d">NPU</subfield><subfield code="d">NVH</subfield><subfield code="d">MGN</subfield><subfield code="d">OCL</subfield><subfield code="d">OCLCQ</subfield></datafield><datafield ind1=" " ind2=" " tag="042"><subfield code="a">msc</subfield></datafield><datafield ind1=" " ind2=" " tag="043"><subfield code="a">n-us-ma</subfield></datafield><datafield ind1="0" ind2="4" tag="245"><subfield code="a">The Winchendon journal.</subfield></datafield><datafield ind1=" " ind2=" " tag="260"><subfield code="a">Winchendon, Mass. :</subfield><subfield code="b">C.M. Vincent &amp; Co.</subfield></datafield><datafield ind1=" " ind2=" " tag="300"><subfield code="a">v.</subfield></datafield><datafield ind1=" " ind2=" " tag="310"><subfield code="a">Weekly</subfield></datafield><datafield ind1="1" ind2=" " tag="362"><subfield code="a">Began in May 1871.</subfield></datafield><datafield ind1=" " ind2=" " tag="500"><subfield code="a">Publishers: C.M. Vincent &amp; Co., &lt;1873&gt;-Jan. 11, 1877; Vincent &amp; Davies, Jan. 18-May 3, 1877; George W. Davies, May 12, 1877-Oct. 11, 1878; Journal Pub. Co., Oct. 17, 1878-</subfield></datafield><datafield ind1=" " ind2=" " tag="588"><subfield code="a">Description based on: Vol. 2, no. 40 (Mar. 28, 1873).</subfield></datafield><datafield ind1=" " ind2=" " tag="752"><subfield code="a">United States</subfield><subfield code="b">Massachusetts</subfield><subfield code="c">Worcester</subfield><subfield code="d">Winchendon.</subfield></datafield></record>